<?xml version="1.0" encoding="UTF-8"?><collection xmlns="http://www.loc.gov/MARC21/slim"><record><leader>00316nam--2200121-i-4500</leader><controlfield tag="001">000037369</controlfield><controlfield tag="002">20161230</controlfield><controlfield tag="005">20161230201041</controlfield><controlfield tag="008">060222s1000------------r-----000-0-eng-d</controlfield><datafield ind1=" " ind2=" " tag="245"><subfield code="a">Progress in applied materials research</subfield></datafield><datafield ind1=" " ind2=" " tag="260"><subfield code="a">London, Heywood And Comp.Ltd.,1962. Ix+246 P</subfield></datafield><datafield ind1=" " ind2=" " tag="700"><subfield code="a">E.G.Stanford</subfield></datafield><datafield ind1=" " ind2=" " tag="852"><subfield code="a">76592</subfield></datafield></record></collection>